<?xml version="1.0" encoding="UTF-8"?><record xmlns="http://www.loc.gov/MARC21/slim" xmlns:cinclude="http://apache.org/cocoon/include/1.0" xmlns:zs="http://www.loc.gov/zing/srw/">
  <leader>00772cz  a2200181n  4500</leader>
  <controlfield tag="001">n 2005054393</controlfield>
  <controlfield tag="003">DLC</controlfield>
  <controlfield tag="005">20090810074936.0</controlfield>
  <controlfield tag="008">050725n| acannaabn          |b aaa      </controlfield>
  <datafield tag="010" ind1=" " ind2=" ">
    <subfield code="a">n 2005054393</subfield>
  </datafield>
  <datafield tag="035" ind1=" " ind2=" ">
    <subfield code="a">(OCoLC)oca06689625</subfield>
  </datafield>
  <datafield tag="040" ind1=" " ind2=" ">
    <subfield code="a">DLC</subfield>
    <subfield code="b">eng</subfield>
    <subfield code="c">DLC</subfield>
    <subfield code="d">OCoLC</subfield>
  </datafield>
  <datafield tag="100" ind1="1" ind2=" ">
    <subfield code="a">Chŏng, Hyŏn-sŏn</subfield>
  </datafield>
  <datafield tag="400" ind1="1" ind2=" ">
    <subfield code="a">정 현선</subfield>
  </datafield>
  <datafield tag="400" ind1="1" ind2=" ">
    <subfield code="a">정현선</subfield>
  </datafield>
  <datafield tag="667" ind1=" " ind2=" ">
    <subfield code="a">Machine-derived non-Latin script reference project.</subfield>
  </datafield>
  <datafield tag="667" ind1=" " ind2=" ">
    <subfield code="a">Non-Latin script references not evaluated.</subfield>
  </datafield>
  <datafield tag="670" ind1=" " ind2=" ">
    <subfield code="a">Tamaechʻe sidae ŭi Kugŏ kyoyuk kwa munhwa kyoyuk, 2004:</subfield>
    <subfield code="b">t.p. (Chŏng Hyŏn-sŏn) ft. flap (paksa kwajŏng suryo, Sŏultae, Kugŏ Kyoyukkwa; chʻŏrhak paksa, London Taehak Kyoyuk Yŏnʼguso, midiŏ kyoyuk chŏnʼgong; lecturer, Sŏgangdae and Kyŏngin Kyoyuk Taehakkyo)</subfield>
  </datafield>
</record>